@ARTICLE{Bullock2000,
   author = {{Bullock}, J.~S. and {Kravtsov}, A.~V. and {Weinberg}, D.~H.
	},
    title = "{Reionization and the Abundance of Galactic Satellites}",
  journal = {\apj},
   eprint = {astro-ph/0002214},
 keywords = {Cosmology: Theory, Galaxies: Formation},
     year = 2000,
    month = aug,
   volume = 539,
    pages = {517-521},
      doi = {10.1086/309279},
   adsurl = {http://adsabs.harvard.edu/abs/2000ApJ...539..517B},
  adsnote = {Provided by the SAO/NASA Astrophysics Data System}
}

@ARTICLE{El-Badry17,
	author = {{El-Badry}, K. and {Wetzel}, A.~R. and {Geha}, M. and {Quataert}, E. and 
	{Hopkins}, P.~F. and {Kere{\v s}}, D. and {Chan}, T.~K. and 
	{Faucher-Gigu{\`e}re}, C.-A.},
	title = "{When the Jeans Do Not Fit: How Stellar Feedback Drives Stellar Kinematics and Complicates Dynamical Modeling in Low-mass Galaxies}",
	journal = {\apj},
	archivePrefix = "arXiv",
	eprint = {1610.04232},
	keywords = {galaxies: dwarf, galaxies: kinematics and dynamics, galaxies: starburst, Local Group, methods: numerical},
	year = 2017,
	month = feb,
	volume = 835,
	eid = {193},
	pages = {193},
	doi = {10.3847/1538-4357/835/2/193},
	adsurl = {http://adsabs.harvard.edu/abs/2017ApJ...835..193E},
	adsnote = {Provided by the SAO/NASA Astrophysics Data System}
}

@ARTICLE{Cicone16,
	author = {{Cicone}, C. and {Maiolino}, R. and {Marconi}, A.},
	title = "{Outflows and complex stellar kinematics in SDSS star-forming galaxies}",
	journal = {\aap},
	archivePrefix = "arXiv",
	eprint = {1601.04715},
	keywords = {galaxies: general, galaxies: ISM, galaxies: evolution, galaxies: stellar content, ISM: kinematics and dynamics, evolution},
	year = 2016,
	month = apr,
	volume = 588,
	eid = {A41},
	pages = {A41},
	doi = {10.1051/0004-6361/201424514},
	adsurl = {http://adsabs.harvard.edu/abs/2016A%26A...588A..41C},
	adsnote = {Provided by the SAO/NASA Astrophysics Data System}
}

@ARTICLE{GK14,
   author = {{Garrison-Kimmel}, S. and {Boylan-Kolchin}, M. and {Bullock}, J.~S. and 
	{Kirby}, E.~N.},
    title = "{Too big to fail in the Local Group}",
  journal = {\mnras},
archivePrefix = "arXiv",
   eprint = {1404.5313},
 keywords = {galaxies: haloes, Local Group, cosmology: theory, dark matter},
     year = 2014,
    month = oct,
   volume = 444,
    pages = {222-236},
      doi = {10.1093/mnras/stu1477},
   adsurl = {http://adsabs.harvard.edu/abs/2014MNRAS.444..222G},
  adsnote = {Provided by the SAO/NASA Astrophysics Data System}
}

@ARTICLE{BC03,
   author = {{Bruzual}, G. and {Charlot}, S.},
    title = "{Stellar population synthesis at the resolution of 2003}",
  journal = {\mnras},
   eprint = {astro-ph/0309134},
 keywords = {stars: evolution, galaxies: evolution, galaxies: formation, galaxies: stellar content},
     year = 2003,
    month = oct,
   volume = 344,
    pages = {1000-1028},
      doi = {10.1046/j.1365-8711.2003.06897.x},
   adsurl = {http://adsabs.harvard.edu/abs/2003MNRAS.344.1000B},
  adsnote = {Provided by the SAO/NASA Astrophysics Data System}
}


@ARTICLE{Kauffmann03,
   author = {{Kauffmann}, G. and {Heckman}, T.~M. and {White}, S.~D.~M. and 
	{Charlot}, S. and {Tremonti}, C. and {Brinchmann}, J. and {Bruzual}, G. and 
	{Peng}, E.~W. and {Seibert}, M. and {Bernardi}, M. and {Blanton}, M. and 
	{Brinkmann}, J. and {Castander}, F. and {Cs{\'a}bai}, I. and 
	{Fukugita}, M. and {Ivezic}, Z. and {Munn}, J.~A. and {Nichol}, R.~C. and 
	{Padmanabhan}, N. and {Thakar}, A.~R. and {Weinberg}, D.~H. and 
	{York}, D.},
    title = "{Stellar masses and star formation histories for 10$^{5}$ galaxies from the Sloan Digital Sky Survey}",
  journal = {\mnras},
   eprint = {astro-ph/0204055},
 keywords = {galaxies: evolution, galaxies: formation, galaxies: stellar content},
     year = 2003,
    month = may,
   volume = 341,
    pages = {33-53},
      doi = {10.1046/j.1365-8711.2003.06291.x},
   adsurl = {http://adsabs.harvard.edu/abs/2003MNRAS.341...33K},
  adsnote = {Provided by the SAO/NASA Astrophysics Data System}
}


@ARTICLE{Brinchmann04,
   author = {{Brinchmann}, J. and {Charlot}, S. and {White}, S.~D.~M. and 
	{Tremonti}, C. and {Kauffmann}, G. and {Heckman}, T. and {Brinkmann}, J.
	},
    title = "{The physical properties of star-forming galaxies in the low-redshift Universe}",
  journal = {\mnras},
   eprint = {astro-ph/0311060},
 keywords = {surveys, galaxies: abundances, galaxies: evolution, galaxies: fundamental parameters, galaxies: general},
     year = 2004,
    month = jul,
   volume = 351,
    pages = {1151-1179},
      doi = {10.1111/j.1365-2966.2004.07881.x},
   adsurl = {http://adsabs.harvard.edu/abs/2004MNRAS.351.1151B},
  adsnote = {Provided by the SAO/NASA Astrophysics Data System}
}


@ARTICLE{Schroyen13,
   author = {{Schroyen}, J. and {De Rijcke}, S. and {Koleva}, M. and {Cloet-Osselaer}, A. and 
	{Vandenbroucke}, B.},
    title = "{Stellar orbits and the survival of metallicity gradients in simulated dwarf galaxies}",
  journal = {\mnras},
archivePrefix = "arXiv",
   eprint = {1306.4910},
 keywords = {methods: numerical, galaxies: dwarf, galaxies: evolution, galaxies: formation},
     year = 2013,
    month = sep,
   volume = 434,
    pages = {888-905},
      doi = {10.1093/mnras/stt1084},
   adsurl = {http://adsabs.harvard.edu/abs/2013MNRAS.434..888S},
  adsnote = {Provided by the SAO/NASA Astrophysics Data System}
}


@ARTICLE{Stinson09,
   author = {{Stinson}, G.~S. and {Dalcanton}, J.~J. and {Quinn}, T. and 
	{Gogarten}, S.~M. and {Kaufmann}, T. and {Wadsley}, J.},
    title = "{Feedback and the formation of dwarf galaxy stellar haloes}",
  journal = {\mnras},
archivePrefix = "arXiv",
   eprint = {0902.0775},
 primaryClass = "astro-ph.CO",
 keywords = {methods: N-body simulations , galaxies: evolution , galaxies: formation},
     year = 2009,
    month = may,
   volume = 395,
    pages = {1455-1466},
      doi = {10.1111/j.1365-2966.2009.14555.x},
   adsurl = {http://adsabs.harvard.edu/abs/2009MNRAS.395.1455S},
  adsnote = {Provided by the SAO/NASA Astrophysics Data System}
}


@ARTICLE{Hidalgo13,
   author = {{Hidalgo}, S.~L. and {Monelli}, M. and {Aparicio}, A. and {Gallart}, C. and 
	{Skillman}, E.~D. and {Cassisi}, S. and {Bernard}, E.~J. and 
	{Mayer}, L. and {Stetson}, P. and {Cole}, A. and {Dolphin}, A.
	},
    title = "{The ACS LCID Project. IX. Imprints of the Early Universe in the Radial Variation of the Star Formation History of Dwarf Galaxies}",
  journal = {\apj},
archivePrefix = "arXiv",
   eprint = {1309.6130},
 keywords = {early universe, galaxies: dwarf, galaxies: evolution, galaxies: photometry, galaxies: stellar content, galaxies: structure },
     year = 2013,
    month = dec,
   volume = 778,
      eid = {103},
    pages = {103},
      doi = {10.1088/0004-637X/778/2/103},
   adsurl = {http://adsabs.harvard.edu/abs/2013ApJ...778..103H},
  adsnote = {Provided by the SAO/NASA Astrophysics Data System}
}


@ARTICLE{Hidalgo09,
   author = {{Hidalgo}, S.~L. and {Aparicio}, A. and {Mart{\'{\i}}nez-Delgado}, D. and 
	{Gallart}, C.},
    title = "{On the Extended Structure of the Phoenix Dwarf Galaxy}",
  journal = {\apj},
archivePrefix = "arXiv",
   eprint = {0909.1256},
 keywords = {galaxies: dwarf, galaxies: evolution, galaxies: photometry, galaxies: stellar content, galaxies: structure},
     year = 2009,
    month = nov,
   volume = 705,
    pages = {704-716},
      doi = {10.1088/0004-637X/705/1/704},
   adsurl = {http://adsabs.harvard.edu/abs/2009ApJ...705..704H},
  adsnote = {Provided by the SAO/NASA Astrophysics Data System}
}


@ARTICLE{Kelson16,
   author = {{Kelson}, D.~D. and {Benson}, A.~J. and {Abramson}, L.~E.},
    title = "{On the Origin and Evolution of the Galaxy Stellar Mass Function}",
  journal = {ArXiv e-prints},
archivePrefix = "arXiv",
   eprint = {1610.06566},
 keywords = {Astrophysics - Astrophysics of Galaxies},
     year = 2016,
    month = oct,
   adsurl = {http://adsabs.harvard.edu/abs/2016arXiv161006566K},
  adsnote = {Provided by the SAO/NASA Astrophysics Data System}
}


@ARTICLE{GK13,
   author = {{Garrison-Kimmel}, S. and {Rocha}, M. and {Boylan-Kolchin}, M. and 
	{Bullock}, J.~S. and {Lally}, J.},
    title = "{Can feedback solve the too-big-to-fail problem?}",
  journal = {\mnras},
archivePrefix = "arXiv",
   eprint = {1301.3137},
 primaryClass = "astro-ph.CO",
 keywords = {galaxies: haloes, Local Group, cosmology: theory, dark matter},
     year = 2013,
    month = aug,
   volume = 433,
    pages = {3539-3546},
      doi = {10.1093/mnras/stt984},
   adsurl = {http://adsabs.harvard.edu/abs/2013MNRAS.433.3539G},
  adsnote = {Provided by the SAO/NASA Astrophysics Data System}
}


@ARTICLE{Freeman02,
	author = {{Freeman}, K. and {Bland-Hawthorn}, J.},
	title = "{The New Galaxy: Signatures of Its Formation}",
	journal = {\araa},
	eprint = {astro-ph/0208106},
	keywords = {osmology, local group, stellar populations, stellar kinematics},
	year = 2002,
	volume = 40,
	pages = {487-537},
	doi = {10.1146/annurev.astro.40.060401.093840},
	adsurl = {http://adsabs.harvard.edu/abs/2002ARA%26A..40..487F},
	adsnote = {Provided by the SAO/NASA Astrophysics Data System}
}

@ARTICLE{Ricotti05,
	author = {{Ricotti}, M. and {Gnedin}, N.~Y.},
	title = "{Formation Histories of Dwarf Galaxies in the Local Group}",
	journal = {\apj},
	eprint = {astro-ph/0408563},
	keywords = {Cosmology: Theory, Galaxies: Dwarf, Galaxies: Formation, Galaxies: Local Group, Stars: Formation},
	year = 2005,
	month = aug,
	volume = 629,
	pages = {259-267},
	doi = {10.1086/431415},
	adsurl = {http://adsabs.harvard.edu/abs/2005ApJ...629..259R},
	adsnote = {Provided by the SAO/NASA Astrophysics Data System}
}

@ARTICLE{Bovill11,
	author = {{Bovill}, M.~S. and {Ricotti}, M.},
	title = "{Where are the Fossils of the First Galaxies? I. Local Volume Maps and Properties of the Undetected Dwarfs}",
	journal = {\apj},
	archivePrefix = "arXiv",
	eprint = {1010.2231},
	keywords = {dark matter, galaxies: dwarf, galaxies: evolution, galaxies: formation, Local Group},
	year = 2011,
	month = nov,
	volume = 741,
	eid = {17},
	pages = {17},
	doi = {10.1088/0004-637X/741/1/17},
	adsurl = {http://adsabs.harvard.edu/abs/2011ApJ...741...17B},
	adsnote = {Provided by the SAO/NASA Astrophysics Data System}
}

@ARTICLE{geha12,
   author = {{Geha}, M. and {Blanton}, M.~R. and {Yan}, R. and {Tinker}, J.~L.
	},
    title = "{A Stellar Mass Threshold for Quenching of Field Galaxies}",
  journal = {\apj},
archivePrefix = "arXiv",
   eprint = {1206.3573},
 keywords = {galaxies: dwarf, galaxies: stellar content, methods: statistical},
     year = 2012,
    month = sep,
   volume = 757,
      eid = {85},
    pages = {85},
      doi = {10.1088/0004-637X/757/1/85},
   adsurl = {http://adsabs.harvard.edu/abs/2012ApJ...757...85G},
  adsnote = {Provided by the SAO/NASA Astrophysics Data System}
}


@ARTICLE{Brown12,
	author = {{Brown}, T.~M. and {Tumlinson}, J. and {Geha}, M. and {Kirby}, E.~N. and 
	{VandenBerg}, D.~A. and {Mu{\~n}oz}, R.~R. and {Kalirai}, J.~S. and 
	{Simon}, J.~D. and {Avila}, R.~J. and {Guhathakurta}, P. and 
	{Renzini}, A. and {Ferguson}, H.~C.},
	title = "{The Primeval Populations of the Ultra-faint Dwarf Galaxies}",
	journal = {\apjl},
	archivePrefix = "arXiv",
	eprint = {1206.0941},
	keywords = {galaxies: dwarf, galaxies: evolution, galaxies: formation, galaxies: photometry, galaxies: stellar content, Local Group},
	year = 2012,
	month = jul,
	volume = 753,
	eid = {L21},
	pages = {L21},
	doi = {10.1088/2041-8205/753/1/L21},
	adsurl = {http://adsabs.harvard.edu/abs/2012ApJ...753L..21B},
	adsnote = {Provided by the SAO/NASA Astrophysics Data System}
}



@ARTICLE{weisz14a,
	author = {{Weisz}, D.~R. and {Dolphin}, A.~E. and {Skillman}, E.~D. and 
	{Holtzman}, J. and {Gilbert}, K.~M. and {Dalcanton}, J.~J. and 
	{Williams}, B.~F.},
	title = "{The Star Formation Histories of Local Group Dwarf Galaxies. I. Hubble Space Telescope/Wide Field Planetary Camera 2 Observations}",
	journal = {\apj},
	archivePrefix = "arXiv",
	eprint = {1404.7144},
	keywords = {galaxies: dwarf, galaxies: evolution, galaxies: formation, galaxies: stellar content, Local Group},
	year = 2014,
	month = jul,
	volume = 789,
	eid = {147},
	pages = {147},
	doi = {10.1088/0004-637X/789/2/147},
	adsurl = {http://adsabs.harvard.edu/abs/2014ApJ...789..147W},
	adsnote = {Provided by the SAO/NASA Astrophysics Data System}
}

@ARTICLE{weisz14b,
	author = {{Weisz}, D.~R. and {Dolphin}, A.~E. and {Skillman}, E.~D. and 
	{Holtzman}, J. and {Gilbert}, K.~M. and {Dalcanton}, J.~J. and 
	{Williams}, B.~F.},
	title = "{The Star Formation Histories of Local Group Dwarf Galaxies. II. Searching For Signatures of Reionization}",
	journal = {\apj},
	archivePrefix = "arXiv",
	eprint = {1405.3281},
	keywords = {dark ages, reionization, first stars, galaxies: dwarf, galaxies: evolution, galaxies: formation, galaxies: stellar content, Local Group},
	year = 2014,
	month = jul,
	volume = 789,
	eid = {148},
	pages = {148},
	doi = {10.1088/0004-637X/789/2/148},
	adsurl = {http://adsabs.harvard.edu/abs/2014ApJ...789..148W},
	adsnote = {Provided by the SAO/NASA Astrophysics Data System}
}

@ARTICLE{hodge89,
	author = {{Hodge}, P.},
	title = "{Populations in Local Group galaxies}",
	journal = {\araa},
	keywords = {Galactic Structure, Local Group (Astronomy), Andromeda Galaxy, Globular Clusters, Magellanic Clouds},
	year = 1989,
	volume = 27,
	pages = {139-159},
	doi = {10.1146/annurev.aa.27.090189.001035},
	adsurl = {http://adsabs.harvard.edu/abs/1989ARA%26A..27..139H},
	adsnote = {Provided by the SAO/NASA Astrophysics Data System}
}

@ARTICLE{mateo98,
	author = {{Mateo}, M.~L.},
	title = "{Dwarf Galaxies of the Local Group}",
	journal = {\araa},
	eprint = {astro-ph/9810070},
	year = 1998,
	volume = 36,
	pages = {435-506},
	doi = {10.1146/annurev.astro.36.1.435},
	adsurl = {http://adsabs.harvard.edu/abs/1998ARA%26A..36..435M},
	adsnote = {Provided by the SAO/NASA Astrophysics Data System}
}

@ARTICLE{tolstoy09,
	author = {{Tolstoy}, E. and {Hill}, V. and {Tosi}, M.},
	title = "{Star-Formation Histories, Abundances, and Kinematics of Dwarf Galaxies in the Local Group}",
	journal = {\araa},
	archivePrefix = "arXiv",
	eprint = {0904.4505},
	primaryClass = "astro-ph.CO",
	year = 2009,
	month = sep,
	volume = 47,
	pages = {371-425},
	doi = {10.1146/annurev-astro-082708-101650},
	adsurl = {http://adsabs.harvard.edu/abs/2009ARA%26A..47..371T},
	adsnote = {Provided by the SAO/NASA Astrophysics Data System}
}

@ARTICLE{mcconnachie12,
	author = {{McConnachie}, A.~W.},
	title = "{The Observed Properties of Dwarf Galaxies in and around the Local Group}",
	journal = {\aj},
	archivePrefix = "arXiv",
	eprint = {1204.1562},
	keywords = {catalogs, galaxies: dwarf, galaxies: fundamental parameters, galaxies: general, galaxies: structure, Local Group},
	year = 2012,
	month = jul,
	volume = 144,
	eid = {4},
	pages = {4},
	doi = {10.1088/0004-6256/144/1/4},
	adsurl = {http://adsabs.harvard.edu/abs/2012AJ....144....4M},
	adsnote = {Provided by the SAO/NASA Astrophysics Data System}
}

@ARTICLE{ibata13,
	author = {{Ibata}, R.~A. and {Lewis}, G.~F. and {Conn}, A.~R. and {Irwin}, M.~J. and 
	{McConnachie}, A.~W. and {Chapman}, S.~C. and {Collins}, M.~L. and 
	{Fardal}, M. and {Ferguson}, A.~M.~N. and {Ibata}, N.~G. and 
	{Mackey}, A.~D. and {Martin}, N.~F. and {Navarro}, J. and {Rich}, R.~M. and 
	{Valls-Gabaud}, D. and {Widrow}, L.~M.},
	title = "{A vast, thin plane of corotating dwarf galaxies orbiting the Andromeda galaxy}",
	journal = {\nat},
	archivePrefix = "arXiv",
	eprint = {1301.0446},
	primaryClass = "astro-ph.CO",
	year = 2013,
	month = jan,
	volume = 493,
	pages = {62-65},
	doi = {10.1038/nature11717},
	adsurl = {http://adsabs.harvard.edu/abs/2013Natur.493...62I},
	adsnote = {Provided by the SAO/NASA Astrophysics Data System}
}



@ARTICLE{wetzel13a,
	author = {{Wetzel}, A.~R. and {Tinker}, J.~L. and {Conroy}, C. and {van den Bosch}, F.~C.
	},
	title = "{Galaxy evolution in groups and clusters: satellite star formation histories and quenching time-scales in a hierarchical Universe}",
	journal = {\mnras},
	archivePrefix = "arXiv",
	eprint = {1206.3571},
	primaryClass = "astro-ph.CO",
	keywords = {methods: numerical, galaxies: clusters: general, galaxies: evolution, galaxies: groups: general, galaxies: haloes, galaxies: star formation},
	year = 2013,
	month = jun,
	volume = 432,
	pages = {336-358},
	doi = {10.1093/mnras/stt469},
	adsurl = {http://adsabs.harvard.edu/abs/2013MNRAS.432..336W},
	adsnote = {Provided by the SAO/NASA Astrophysics Data System}
}



@ARTICLE{delucia12,
	author = {{De Lucia}, G. and {Weinmann}, S. and {Poggianti}, B.~M. and 
	{Arag{\'o}n-Salamanca}, A. and {Zaritsky}, D.},
	title = "{The environmental history of group and cluster galaxies in a {$\Lambda$} cold dark matter universe}",
	journal = {\mnras},
	archivePrefix = "arXiv",
	eprint = {1111.6590},
	primaryClass = "astro-ph.CO",
	keywords = {galaxies: clusters: general, galaxies: evolution, galaxies: formation},
	year = 2012,
	month = jun,
	volume = 423,
	pages = {1277-1292},
	doi = {10.1111/j.1365-2966.2012.20983.x},
	adsurl = {http://adsabs.harvard.edu/abs/2012MNRAS.423.1277D},
	adsnote = {Provided by the SAO/NASA Astrophysics Data System}
}

@ARTICLE{wheeler14,
	author = {{Wheeler}, C. and {Phillips}, J.~I. and {Cooper}, M.~C. and 
	{Boylan-Kolchin}, M. and {Bullock}, J.~S.},
	title = "{The surprising inefficiency of dwarf satellite quenching}",
	journal = {\mnras},
	archivePrefix = "arXiv",
	eprint = {1402.1498},
	keywords = {galaxies: dwarf, galaxies: evolution, galaxies: formation, galaxies: star for-mation},
	year = 2014,
	month = aug,
	volume = 442,
	pages = {1396-1404},
	doi = {10.1093/mnras/stu965},
	adsurl = {http://adsabs.harvard.edu/abs/2014MNRAS.442.1396W},
	adsnote = {Provided by the SAO/NASA Astrophysics Data System}
}

@ARTICLE{bk16,
   author = {{Boylan-Kolchin}, M. and {Weisz}, D.~R. and {Bullock}, J.~S. and 
	{Cooper}, M.~C.},
    title = "{The Local Group: the ultimate deep field}",
  journal = {\mnras},
archivePrefix = "arXiv",
   eprint = {1603.02679},
 keywords = {galaxies: evolution, Local Group, cosmology: observations, cosmology: theory},
     year = 2016,
    month = oct,
   volume = 462,
    pages = {L51-L55},
      doi = {10.1093/mnrasl/slw121},
   adsurl = {http://adsabs.harvard.edu/abs/2016MNRAS.462L..51B},
  adsnote = {Provided by the SAO/NASA Astrophysics Data System}
}

@ARTICLE{fillingham15,
	author = {{Fillingham}, S.~P. and {Cooper}, M.~C. and {Wheeler}, C. and 
	{Garrison-Kimmel}, S. and {Boylan-Kolchin}, M. and {Bullock}, J.~S.
	},
	title = "{Taking care of business in a flash: constraining the time-scale for low-mass satellite quenching with ELVIS}",
	journal = {\mnras},
	archivePrefix = "arXiv",
	eprint = {1503.06803},
	keywords = {galaxies: dwarf, galaxies: evolution, galaxies: formation, Local Group, galaxies: star formation},
	year = 2015,
	month = dec,
	volume = 454,
	pages = {2039-2049},
	doi = {10.1093/mnras/stv2058},
	adsurl = {http://adsabs.harvard.edu/abs/2015MNRAS.454.2039F},
	adsnote = {Provided by the SAO/NASA Astrophysics Data System}
}

@ARTICLE{phillips14,
	author = {{Phillips}, J.~I. and {Wheeler}, C. and {Boylan-Kolchin}, M. and 
	{Bullock}, J.~S. and {Cooper}, M.~C. and {Tollerud}, E.~J.},
	title = "{A dichotomy in satellite quenching around L* galaxies}",
	journal = {\mnras},
	archivePrefix = "arXiv",
	eprint = {1307.3552},
	keywords = {galaxies: dwarf, galaxies: evolution, cosmology: observations},
	year = 2014,
	month = jan,
	volume = 437,
	pages = {1930-1941},
	doi = {10.1093/mnras/stt2023},
	adsurl = {http://adsabs.harvard.edu/abs/2014MNRAS.437.1930P},
	adsnote = {Provided by the SAO/NASA Astrophysics Data System}
}

@ARTICLE{phillips15,
	author = {{Phillips}, J.~I. and {Wheeler}, C. and {Cooper}, M.~C. and 
	{Boylan-Kolchin}, M. and {Bullock}, J.~S. and {Tollerud}, E.
	},
	title = "{The mass dependence of satellite quenching in Milky Way-like haloes}",
	journal = {\mnras},
	archivePrefix = "arXiv",
	eprint = {1407.3276},
	keywords = {galaxies: dwarf, galaxies: evolution, galaxies: formation, galaxies: star formation, galaxies: statistics},
	year = 2015,
	month = feb,
	volume = 447,
	pages = {698-710},
	doi = {10.1093/mnras/stu2192},
	adsurl = {http://adsabs.harvard.edu/abs/2015MNRAS.447..698P},
	adsnote = {Provided by the SAO/NASA Astrophysics Data System}
}

@ARTICLE{strigari12,
	author = {{Strigari}, L.~E. and {Wechsler}, R.~H.},
	title = "{The Cosmic Abundance of Classical Milky Way Satellites}",
	journal = {\apj},
	archivePrefix = "arXiv",
	eprint = {1111.2611},
	keywords = {dark matter, galaxies: dwarf, galaxies: formation, galaxies: halos, Local Group},
	year = 2012,
	month = apr,
	volume = 749,
	eid = {75},
	pages = {75},
	doi = {10.1088/0004-637X/749/1/75},
	adsurl = {http://adsabs.harvard.edu/abs/2012ApJ...749...75S},
	adsnote = {Provided by the SAO/NASA Astrophysics Data System}
}

@ARTICLE{nierenberg11,
	author = {{Nierenberg}, A.~M. and {Auger}, M.~W. and {Treu}, T. and {Marshall}, P.~J. and 
	{Fassnacht}, C.~D.},
	title = "{Luminous Satellites of Early-type Galaxies. I. Spatial Distribution}",
	journal = {\apj},
	archivePrefix = "arXiv",
	eprint = {1102.1426},
	primaryClass = "astro-ph.GA",
	keywords = {dark matter, galaxies: dwarf, galaxies: formation, galaxies: halos, gravitational lensing: strong, gravitational lensing: weak},
	year = 2011,
	month = apr,
	volume = 731,
	eid = {44},
	pages = {44},
	doi = {10.1088/0004-637X/731/1/44},
	adsurl = {http://adsabs.harvard.edu/abs/2011ApJ...731...44N},
	adsnote = {Provided by the SAO/NASA Astrophysics Data System}
}

@ARTICLE{Springel05,
   author = {{Springel}, V. and {White}, S.~D.~M. and {Jenkins}, A. and {Frenk}, C.~S. and 
	{Yoshida}, N. and {Gao}, L. and {Navarro}, J. and {Thacker}, R. and 
	{Croton}, D. and {Helly}, J. and {Peacock}, J.~A. and {Cole}, S. and 
	{Thomas}, P. and {Couchman}, H. and {Evrard}, A. and {Colberg}, J. and 
	{Pearce}, F.},
    title = "{Simulations of the formation, evolution and clustering of galaxies and quasars}",
  journal = {\nat},
   eprint = {astro-ph/0504097},
     year = 2005,
    month = jun,
   volume = 435,
    pages = {629-636},
      doi = {10.1038/nature03597},
   adsurl = {http://adsabs.harvard.edu/abs/2005Natur.435..629S},
  adsnote = {Provided by the SAO/NASA Astrophysics Data System}
}



@ARTICLE{Governato12,
   author = {{Governato}, F. and {Zolotov}, A. and {Pontzen}, A. and {Christensen}, C. and 
	{Oh}, S.~H. and {Brooks}, A.~M. and {Quinn}, T. and {Shen}, S. and 
	{Wadsley}, J.},
    title = "{Cuspy no more: how outflows affect the central dark matter and baryon distribution in {$\Lambda$} cold dark matter galaxies}",
  journal = {\mnras},
archivePrefix = "arXiv",
   eprint = {1202.0554},
 keywords = {hydrodynamics, galaxies: evolution, galaxies: formation, galaxies: star formation, dark matter},
     year = 2012,
    month = may,
   volume = 422,
    pages = {1231-1240},
      doi = {10.1111/j.1365-2966.2012.20696.x},
   adsurl = {http://adsabs.harvard.edu/abs/2012MNRAS.422.1231G},
  adsnote = {Provided by the SAO/NASA Astrophysics Data System}
}


@ARTICLE{Lovell14,
   author = {{Lovell}, M.~R. and {Frenk}, C.~S. and {Eke}, V.~R. and {Jenkins}, A. and 
	{Gao}, L. and {Theuns}, T.},
    title = "{The properties of warm dark matter haloes}",
  journal = {\mnras},
archivePrefix = "arXiv",
   eprint = {1308.1399},
 keywords = {galaxies: dwarf, dark matter},
     year = 2014,
    month = mar,
   volume = 439,
    pages = {300-317},
      doi = {10.1093/mnras/stt2431},
   adsurl = {http://adsabs.harvard.edu/abs/2014MNRAS.439..300L},
  adsnote = {Provided by the SAO/NASA Astrophysics Data System}
}


@ARTICLE{Elbert14,
   author = {{Elbert}, O.~D. and {Bullock}, J.~S. and {Garrison-Kimmel}, S. and 
	{Rocha}, M. and {O{\~n}orbe}, J. and {Peter}, A.~H.~G.},
    title = "{Core formation in dwarf haloes with self-interacting dark matter: no fine-tuning necessary}",
  journal = {\mnras},
archivePrefix = "arXiv",
   eprint = {1412.1477},
 keywords = {galaxies: haloes, cosmology: theory, dark matter},
     year = 2015,
    month = oct,
   volume = 453,
    pages = {29-37},
      doi = {10.1093/mnras/stv1470},
   adsurl = {http://adsabs.harvard.edu/abs/2015MNRAS.453...29E},
  adsnote = {Provided by the SAO/NASA Astrophysics Data System}
}


@ARTICLE{Moore94,
   author = {{Moore}, B.},
    title = "{Evidence against dissipation-less dark matter from observations of galaxy haloes}",
  journal = {\nat},
     year = 1994,
    month = aug,
   volume = 370,
    pages = {629-631},
      doi = {10.1038/370629a0},
   adsurl = {http://adsabs.harvard.edu/abs/1994Natur.370..629M},
  adsnote = {Provided by the SAO/NASA Astrophysics Data System}
}

@ARTICLE{deblok08,
   author = {{de Blok}, W.~J.~G. and {Walter}, F. and {Brinks}, E. and {Trachternach}, C. and 
	{Oh}, S.-H. and {Kennicutt}, Jr., R.~C.},
    title = "{High-Resolution Rotation Curves and Galaxy Mass Models from THINGS}",
  journal = {\aj},
archivePrefix = "arXiv",
   eprint = {0810.2100},
 keywords = {dark matter, galaxies: dwarf, galaxies: fundamental parameters, galaxies: kinematics and dynamics, galaxies: spiral, galaxies: structure},
     year = 2008,
    month = dec,
   volume = 136,
      eid = {2648-2719},
    pages = {2648-2719},
      doi = {10.1088/0004-6256/136/6/2648},
   adsurl = {http://adsabs.harvard.edu/abs/2008AJ....136.2648D},
  adsnote = {Provided by the SAO/NASA Astrophysics Data System}
}

@ARTICLE{Simon05,
   author = {{Simon}, J.~D. and {Bolatto}, A.~D. and {Leroy}, A. and {Blitz}, L. and 
	{Gates}, E.~L.},
    title = "{High-Resolution Measurements of the Halos of Four Dark Matter-Dominated Galaxies: Deviations from a Universal Density Profile}",
  journal = {\apj},
   eprint = {astro-ph/0412035},
 keywords = {Cosmology: Dark Matter, Galaxies: Dwarf, Galaxies: Halos, Galaxies: Individual: NGC Number: NGC 2976, Galaxies: Individual: NGC Number: NGC 4605, Galaxies: Individual: NGC Number: NGC 5949, Galaxies: Individual: NGC Number: NGC 5963, Galaxies: Individual: NGC Number: NGC 6689, Galaxies: Kinematics and Dynamics, Galaxies: Spiral},
     year = 2005,
    month = mar,
   volume = 621,
    pages = {757-776},
      doi = {10.1086/427684},
   adsurl = {http://adsabs.harvard.edu/abs/2005ApJ...621..757S},
  adsnote = {Provided by the SAO/NASA Astrophysics Data System}
}


@ARTICLE{Marchesini02,
   author = {{Marchesini}, D. and {D'Onghia}, E. and {Chincarini}, G. and 
	{Firmani}, C. and {Conconi}, P. and {Molinari}, E. and {Zacchei}, A.
	},
    title = "{H{$\alpha$} Rotation Curves: The Soft Core Question}",
  journal = {\apj},
   eprint = {astro-ph/0202075},
 keywords = {Cosmology: Dark Matter, Galaxies: Halos, Galaxies: Kinematics and Dynamics, Galaxies: Structure},
     year = 2002,
    month = aug,
   volume = 575,
    pages = {801-813},
      doi = {10.1086/341475},
   adsurl = {http://adsabs.harvard.edu/abs/2002ApJ...575..801M},
  adsnote = {Provided by the SAO/NASA Astrophysics Data System}
}


@ARTICLE{McGaugh01,
   author = {{McGaugh}, S.~S. and {Rubin}, V.~C. and {de Blok}, W.~J.~G.},
    title = "{High-Resolution Rotation Curves of Low Surface Brightness Galaxies. I. Data}",
  journal = {\aj},
   eprint = {astro-ph/0107326},
 keywords = {Cosmology: Dark Matter, Galaxies: Fundamental Parameters, Galaxies: Kinematics and Dynamics},
     year = 2001,
    month = nov,
   volume = 122,
    pages = {2381-2395},
      doi = {10.1086/323448},
   adsurl = {http://adsabs.harvard.edu/abs/2001AJ....122.2381M},
  adsnote = {Provided by the SAO/NASA Astrophysics Data System}
}

@ARTICLE{Klypin11,
   author = {{Klypin}, A.~A. and {Trujillo-Gomez}, S. and {Primack}, J.},
    title = "{Dark Matter Halos in the Standard Cosmological Model: Results from the Bolshoi Simulation}",
  journal = {\apj},
archivePrefix = "arXiv",
   eprint = {1002.3660},
 keywords = {cosmology: theory, large-scale structure of universe, methods: numerical},
     year = 2011,
    month = oct,
   volume = 740,
      eid = {102},
    pages = {102},
      doi = {10.1088/0004-637X/740/2/102},
   adsurl = {http://adsabs.harvard.edu/abs/2011ApJ...740..102K},
  adsnote = {Provided by the SAO/NASA Astrophysics Data System}
}


@ARTICLE{BK09,
   author = {{Boylan-Kolchin}, M. and {Springel}, V. and {White}, S.~D.~M. and 
	{Jenkins}, A. and {Lemson}, G.},
    title = "{Resolving cosmic structure formation with the Millennium-II Simulation}",
  journal = {\mnras},
archivePrefix = "arXiv",
   eprint = {0903.3041},
 primaryClass = "astro-ph.CO",
 keywords = {methods: N-body simulations , galaxies: haloes , cosmology: theory},
     year = 2009,
    month = sep,
   volume = 398,
    pages = {1150-1164},
      doi = {10.1111/j.1365-2966.2009.15191.x},
   adsurl = {http://adsabs.harvard.edu/abs/2009MNRAS.398.1150B},
  adsnote = {Provided by the SAO/NASA Astrophysics Data System}
}


@ARTICLE{Wambsganss04,
   author = {{Wambsganss}, J. and {Bode}, P. and {Ostriker}, J.~P.},
    title = "{Giant Arc Statistics in Concord with a Concordance Lambda Cold Dark Matter Universe}",
  journal = {\apjl},
   eprint = {astro-ph/0306088},
 keywords = {Cosmology: Cosmological Parameters, Cosmology: Dark Matter, Galaxies: Clusters: General, Cosmology: Gravitational Lensing, methods: N-body simulations, Methods: Numerical},
     year = 2004,
    month = may,
   volume = 606,
    pages = {L93-L96},
      doi = {10.1086/421459},
   adsurl = {http://adsabs.harvard.edu/abs/2004ApJ...606L..93W},
  adsnote = {Provided by the SAO/NASA Astrophysics Data System}
}


@ARTICLE{NFW,
   author = {{Navarro}, J.~F. and {Frenk}, C.~S. and {White}, S.~D.~M.},
    title = "{A Universal Density Profile from Hierarchical Clustering}",
  journal = {\apj},
   eprint = {astro-ph/9611107},
 keywords = {Cosmology: Theory, Cosmology: Dark Matter, Galaxies: Halos, Methods: Numerical},
     year = 1997,
    month = dec,
   volume = 490,
    pages = {493-508},
      doi = {10.1086/304888},
   adsurl = {http://adsabs.harvard.edu/abs/1997ApJ...490..493N},
  adsnote = {Provided by the SAO/NASA Astrophysics Data System}
}

@ARTICLE{Kroupa02,
   author = {{Kroupa}, P.},
    title = "{The Initial Mass Function of Stars: Evidence for Uniformity in Variable Systems}",
  journal = {Science},
   eprint = {astro-ph/0201098},
     year = 2002,
    month = jan,
   volume = 295,
    pages = {82-91},
      doi = {10.1126/science.1067524},
   adsurl = {http://adsabs.harvard.edu/abs/2002Sci...295...82K},
  adsnote = {Provided by the SAO/NASA Astrophysics Data System}
}


@ARTICLE{Boselli09,
   author = {{Boselli}, A. and {Boissier}, S. and {Cortese}, L. and {Buat}, V. and 
	{Hughes}, T.~M. and {Gavazzi}, G.},
    title = "{High-mass Star Formation in Normal Late-type Galaxies: Observational Constraints to the Initial Mass Function}",
  journal = {\apj},
archivePrefix = "arXiv",
   eprint = {0910.3521},
 keywords = {galaxies: evolution, galaxies: fundamental parameters, galaxies: general, galaxies: spiral, H II regions, stars: formation},
     year = 2009,
    month = dec,
   volume = 706,
    pages = {1527-1544},
      doi = {10.1088/0004-637X/706/2/1527},
   adsurl = {http://adsabs.harvard.edu/abs/2009ApJ...706.1527B},
  adsnote = {Provided by the SAO/NASA Astrophysics Data System}
}


@ARTICLE{Guo16,
   author = {{Guo}, Y. and {Rafelski}, M. and {Faber}, S.~M. and {Koo}, D.~C. and 
	{Krumholz}, M.~R. and {Trump}, J.~R. and {Willner}, S.~P. and 
	{Amor{\'{\i}}n}, R. and {Barro}, G. and {Bell}, E.~F. and {Gardner}, J.~P. and 
	{Gawiser}, E. and {Hathi}, N.~P. and {Koekemoer}, A.~M. and 
	{Pacifici}, C. and {P{\'e}rez-Gonz{\'a}lez}, P.~G. and {Ravindranath}, S. and 
	{Reddy}, N. and {Teplitz}, H.~I. and {Yesuf}, H.},
    title = "{The Bursty Star Formation Histories of Low-mass Galaxies at 0.4 $\lt$ z $\lt$ 1 Revealed by Star Formation Rates Measured From H{$\beta$} and FUV}",
  journal = {\apj},
archivePrefix = "arXiv",
   eprint = {1604.05314},
 keywords = {galaxies: dwarf, galaxies: evolution, galaxies: formation, galaxies: fundamental parameters, galaxies: starburst, galaxies: star formation},
     year = 2016,
    month = dec,
   volume = 833,
      eid = {37},
    pages = {37},
      doi = {10.3847/1538-4357/833/1/37},
   adsurl = {http://adsabs.harvard.edu/abs/2016ApJ...833...37G},
  adsnote = {Provided by the SAO/NASA Astrophysics Data System}
}


@ARTICLE{Sullivan00,
   author = {{Sullivan}, M. and {Treyer}, M.~A. and {Ellis}, R.~S. and {Bridges}, T.~J. and 
	{Milliard}, B. and {Donas}, J.},
    title = "{An ultraviolet-selected galaxy redshift survey - II. The physical nature of star formation in an enlarged sample}",
  journal = {\mnras},
   eprint = {astro-ph/9910104},
 keywords = {SURVEYS, GALAXIES: EVOLUTION, GALAXIES: LUMINOSITY FUNCTION, MASS FUNCTION, GALAXIES: STARBURST, COSMOLOGY: OBSERVATIONS, ULTRAVIOLET: GALAXIES},
     year = 2000,
    month = feb,
   volume = 312,
    pages = {442-464},
      doi = {10.1046/j.1365-8711.2000.03140.x},
   adsurl = {http://adsabs.harvard.edu/abs/2000MNRAS.312..442S},
  adsnote = {Provided by the SAO/NASA Astrophysics Data System}
}


@ARTICLE{Salim07,
   author = {{Salim}, S. and {Rich}, R.~M. and {Charlot}, S. and {Brinchmann}, J. and 
	{Johnson}, B.~D. and {Schiminovich}, D. and {Seibert}, M. and 
	{Mallery}, R. and {Heckman}, T.~M. and {Forster}, K. and {Friedman}, P.~G. and 
	{Martin}, D.~C. and {Morrissey}, P. and {Neff}, S.~G. and {Small}, T. and 
	{Wyder}, T.~K. and {Bianchi}, L. and {Donas}, J. and {Lee}, Y.-W. and 
	{Madore}, B.~F. and {Milliard}, B. and {Szalay}, A.~S. and {Welsh}, B.~Y. and 
	{Yi}, S.~K.},
    title = "{UV Star Formation Rates in the Local Universe}",
  journal = {\apjs},
archivePrefix = "arXiv",
   eprint = {0704.3611},
 keywords = {Galaxies: Active, Galaxies: Evolution, Galaxies: Fundamental Parameters, Surveys, Ultraviolet: Galaxies},
     year = 2007,
    month = dec,
   volume = 173,
    pages = {267-292},
      doi = {10.1086/519218},
   adsurl = {http://adsabs.harvard.edu/abs/2007ApJS..173..267S},
  adsnote = {Provided by the SAO/NASA Astrophysics Data System}
}


@ARTICLE{Shivaei15,
   author = {{Shivaei}, I. and {Reddy}, N.~A. and {Shapley}, A.~E. and {Kriek}, M. and 
	{Siana}, B. and {Mobasher}, B. and {Coil}, A.~L. and {Freeman}, W.~R. and 
	{Sanders}, R. and {Price}, S.~H. and {de Groot}, L. and {Azadi}, M.
	},
    title = "{The MOSDEF Survey: Dissecting the Star Formation Rate versus Stellar Mass Relation Using H{$\alpha$} and H{$\beta$} Emission Lines at z {\sim} 2}",
  journal = {\apj},
archivePrefix = "arXiv",
   eprint = {1507.03017},
 keywords = {galaxies: evolution, galaxies: formation, galaxies: high-redshift, galaxies: star formation},
     year = 2015,
    month = dec,
   volume = 815,
      eid = {98},
    pages = {98},
      doi = {10.1088/0004-637X/815/2/98},
   adsurl = {http://adsabs.harvard.edu/abs/2015ApJ...815...98S},
  adsnote = {Provided by the SAO/NASA Astrophysics Data System}
}


@ARTICLE{Sparre17,
   author = {{Sparre}, M. and {Hayward}, C.~C. and {Feldmann}, R. and {Faucher-Gigu{\`e}re}, C.-A. and 
	{Muratov}, A.~L. and {Kere{\v s}}, D. and {Hopkins}, P.~F.},
    title = "{(Star)bursts of FIRE: observational signatures of bursty star formation in galaxies}",
  journal = {\mnras},
archivePrefix = "arXiv",
   eprint = {1510.03869},
 keywords = {methods: numerical, galaxies: evolution, galaxies: formation, galaxies: starburst, galaxies: star formation, cosmology: theory},
     year = 2017,
    month = apr,
   volume = 466,
    pages = {88-104},
      doi = {10.1093/mnras/stw3011},
   adsurl = {http://adsabs.harvard.edu/abs/2017MNRAS.466...88S},
  adsnote = {Provided by the SAO/NASA Astrophysics Data System}
}


@ARTICLE{Bastian10,
   author = {{Bastian}, N. and {Covey}, K.~R. and {Meyer}, M.~R.},
    title = "{A Universal Stellar Initial Mass Function? A Critical Look at Variations}",
  journal = {\araa},
archivePrefix = "arXiv",
   eprint = {1001.2965},
     year = 2010,
    month = sep,
   volume = 48,
    pages = {339-389},
      doi = {10.1146/annurev-astro-082708-101642},
   adsurl = {http://adsabs.harvard.edu/abs/2010ARA%26A..48..339B},
  adsnote = {Provided by the SAO/NASA Astrophysics Data System}
}


@ARTICLE{Kroupa01,
   author = {{Kroupa}, P.},
    title = "{On the variation of the initial mass function}",
  journal = {\mnras},
   eprint = {astro-ph/0009005},
 keywords = {BINARIES: GENERAL, STARS: FORMATION, STARS: KINEMATICS, STARS: LUMINOSITY FUNCTION, MASS FUNCTION, GLOBULAR CLUSTERS: GENERAL, OPEN CLUSTERS AND ASSOCIATIONS: GENERAL},
     year = 2001,
    month = apr,
   volume = 322,
    pages = {231-246},
      doi = {10.1046/j.1365-8711.2001.04022.x},
   adsurl = {http://adsabs.harvard.edu/abs/2001MNRAS.322..231K},
  adsnote = {Provided by the SAO/NASA Astrophysics Data System}
}

@ARTICLE{Dekel86,
   author = {{Dekel}, A. and {Silk}, J.},
    title = "{The origin of dwarf galaxies, cold dark matter, and biased galaxy formation}",
  journal = {\apj},
 keywords = {Abundance, Cold Plasmas, Dark Matter, Dwarf Galaxies, Galactic Evolution, Stellar Winds, Virgo Galactic Cluster, Big Bang Cosmology, Galactic Structure, Local Group (Astronomy), Mass To Light Ratios, Stellar Evolution, Supernovae},
     year = 1986,
    month = apr,
   volume = 303,
    pages = {39-55},
      doi = {10.1086/164050},
   adsurl = {http://adsabs.harvard.edu/abs/1986ApJ...303...39D},
  adsnote = {Provided by the SAO/NASA Astrophysics Data System}
}


@ARTICLE{Larson74,
   author = {{Larson}, R.~B.},
    title = "{Effects of supernovae on the early evolution of galaxies}",
  journal = {\mnras},
     year = 1974,
    month = nov,
   volume = 169,
    pages = {229-246},
      doi = {10.1093/mnras/169.2.229},
   adsurl = {http://adsabs.harvard.edu/abs/1974MNRAS.169..229L},
  adsnote = {Provided by the SAO/NASA Astrophysics Data System}
}


@ARTICLE{EB17,
   author = {{El-Badry}, K. and {Wetzel}, A. and {Geha}, M. and {Hopkins}, P.~F. and 
	{Kere{\v s}}, D. and {Chan}, T.~K. and {Faucher-Gigu{\`e}re}, C.-A.
	},
    title = "{Breathing FIRE: How Stellar Feedback Drives Radial Migration, Rapid Size Fluctuations, and Population Gradients in Low-mass Galaxies}",
  journal = {\apj},
archivePrefix = "arXiv",
   eprint = {1512.01235},
 keywords = {galaxies: dwarf, galaxies: evolution, galaxies: kinematics and dynamics, galaxies: star formation},
     year = 2016,
    month = apr,
   volume = 820,
      eid = {131},
    pages = {131},
      doi = {10.3847/0004-637X/820/2/131},
   adsurl = {http://adsabs.harvard.edu/abs/2016ApJ...820..131E},
  adsnote = {Provided by the SAO/NASA Astrophysics Data System}
}


@ARTICLE{Moore96,
   author = {{Moore}, B. and {Katz}, N. and {Lake}, G. and {Dressler}, A. and 
	{Oemler}, A.},
    title = "{Galaxy harassment and the evolution of clusters of galaxies}",
  journal = {\nat},
   eprint = {astro-ph/9510034},
     year = 1996,
    month = feb,
   volume = 379,
    pages = {613-616},
      doi = {10.1038/379613a0},
   adsurl = {http://adsabs.harvard.edu/abs/1996Natur.379..613M},
  adsnote = {Provided by the SAO/NASA Astrophysics Data System}
}


@ARTICLE{Farouki81,
   author = {{Farouki}, R. and {Shapiro}, S.~L.},
    title = "{Computer simulations of environmental influences on galaxy evolution in dense clusters. II - Rapid tidal encounters}",
  journal = {\apj},
 keywords = {Astronomical Models, Computerized Simulation, Disk Galaxies, Galactic Clusters, Galactic Evolution, Tides, Angular Momentum, Elliptical Galaxies, Galactic Structure, Isophotes, Spiral Galaxies},
     year = 1981,
    month = jan,
   volume = 243,
    pages = {32-41},
      doi = {10.1086/158563},
   adsurl = {http://adsabs.harvard.edu/abs/1981ApJ...243...32F},
  adsnote = {Provided by the SAO/NASA Astrophysics Data System}
}


@ARTICLE{Balogh2000,
   author = {{Balogh}, M.~L. and {Navarro}, J.~F. and {Morris}, S.~L.},
    title = "{The Origin of Star Formation Gradients in Rich Galaxy Clusters}",
  journal = {\apj},
   eprint = {astro-ph/0004078},
 keywords = {Galaxies: Clusters: General, Galaxies: Evolution, Galaxies: Stellar Content, Stars: Formation},
     year = 2000,
    month = sep,
   volume = 540,
    pages = {113-121},
      doi = {10.1086/309323},
   adsurl = {http://adsabs.harvard.edu/abs/2000ApJ...540..113B},
  adsnote = {Provided by the SAO/NASA Astrophysics Data System}
}


@ARTICLE{Larson80,
   author = {{Larson}, R.~B. and {Tinsley}, B.~M. and {Caldwell}, C.~N.},
    title = "{The evolution of disk galaxies and the origin of S0 galaxies}",
  journal = {\apj},
 keywords = {Disk Galaxies, Galactic Evolution, Spiral Galaxies, Digital Simulation, Galactic Structure, Gas Evolution, Stellar Evolution, Stellar Magnitude},
     year = 1980,
    month = may,
   volume = 237,
    pages = {692-707},
      doi = {10.1086/157917},
   adsurl = {http://adsabs.harvard.edu/abs/1980ApJ...237..692L},
  adsnote = {Provided by the SAO/NASA Astrophysics Data System}
}


@ARTICLE{Gunn72,
   author = {{Gunn}, J.~E. and {Gott}, III, J.~R.},
    title = "{On the Infall of Matter Into Clusters of Galaxies and Some Effects on Their Evolution}",
  journal = {\apj},
     year = 1972,
    month = aug,
   volume = 176,
    pages = {1},
      doi = {10.1086/151605},
   adsurl = {http://adsabs.harvard.edu/abs/1972ApJ...176....1G},
  adsnote = {Provided by the SAO/NASA Astrophysics Data System}
}


@ARTICLE{BK11,
   author = {{Boylan-Kolchin}, M. and {Bullock}, J.~S. and {Kaplinghat}, M.
	},
    title = "{Too big to fail? The puzzling darkness of massive Milky Way subhaloes}",
  journal = {\mnras},
archivePrefix = "arXiv",
   eprint = {1103.0007},
 primaryClass = "astro-ph.CO",
 keywords = {Galaxy: halo, galaxies: abundances, cosmology: theory, dark matter},
     year = 2011,
    month = jul,
   volume = 415,
    pages = {L40-L44},
      doi = {10.1111/j.1745-3933.2011.01074.x},
   adsurl = {http://adsabs.harvard.edu/abs/2011MNRAS.415L..40B},
  adsnote = {Provided by the SAO/NASA Astrophysics Data System}
}

@ARTICLE{BK12,
   author = {{Boylan-Kolchin}, M. and {Bullock}, J.~S. and {Kaplinghat}, M.
	},
    title = "{The Milky Way's bright satellites as an apparent failure of {$\Lambda$}CDM}",
  journal = {\mnras},
archivePrefix = "arXiv",
   eprint = {1111.2048},
 primaryClass = "astro-ph.CO",
 keywords = {galaxies: haloes, Local Group, cosmology: theory, dark matter},
     year = 2012,
    month = may,
   volume = 422,
    pages = {1203-1218},
      doi = {10.1111/j.1365-2966.2012.20695.x},
   adsurl = {http://adsabs.harvard.edu/abs/2012MNRAS.422.1203B},
  adsnote = {Provided by the SAO/NASA Astrophysics Data System}
}


@ARTICLE{PG12,
   author = {{Pontzen}, A. and {Governato}, F.},
    title = "{How supernova feedback turns dark matter cusps into cores}",
  journal = {\mnras},
archivePrefix = "arXiv",
   eprint = {1106.0499},
 keywords = {galaxies: dwarf, dark matter},
     year = 2012,
    month = apr,
   volume = 421,
    pages = {3464-3471},
      doi = {10.1111/j.1365-2966.2012.20571.x},
   adsurl = {http://adsabs.harvard.edu/abs/2012MNRAS.421.3464P},
  adsnote = {Provided by the SAO/NASA Astrophysics Data System}
}

@ARTICLE{Governato10,
   author = {{Governato}, F. and {Brook}, C. and {Mayer}, L. and {Brooks}, A. and 
	{Rhee}, G. and {Wadsley}, J. and {Jonsson}, P. and {Willman}, B. and 
	{Stinson}, G. and {Quinn}, T. and {Madau}, P.},
    title = "{Bulgeless dwarf galaxies and dark matter cores from supernova-driven outflows}",
  journal = {\nat},
archivePrefix = "arXiv",
   eprint = {0911.2237},
     year = 2010,
    month = jan,
   volume = 463,
    pages = {203-206},
      doi = {10.1038/nature08640},
   adsurl = {http://adsabs.harvard.edu/abs/2010Natur.463..203G},
  adsnote = {Provided by the SAO/NASA Astrophysics Data System}
}

@ARTICLE{SDSS,
   author = {{York}, D.~G. and {Adelman}, J. and {Anderson}, Jr., J.~E. and 
	{Anderson}, S.~F. and {Annis}, J. and {Bahcall}, N.~A. and {Bakken}, J.~A. and 
	{Barkhouser}, R. and {Bastian}, S. and {Berman}, E. and {Boroski}, W.~N. and 
	{Bracker}, S. and {Briegel}, C. and {Briggs}, J.~W. and {Brinkmann}, J. and 
	{Brunner}, R. and {Burles}, S. and {Carey}, L. and {Carr}, M.~A. and 
	{Castander}, F.~J. and {Chen}, B. and {Colestock}, P.~L. and 
	{Connolly}, A.~J. and {Crocker}, J.~H. and {Csabai}, I. and 
	{Czarapata}, P.~C. and {Davis}, J.~E. and {Doi}, M. and {Dombeck}, T. and 
	{Eisenstein}, D. and {Ellman}, N. and {Elms}, B.~R. and {Evans}, M.~L. and 
	{Fan}, X. and {Federwitz}, G.~R. and {Fiscelli}, L. and {Friedman}, S. and 
	{Frieman}, J.~A. and {Fukugita}, M. and {Gillespie}, B. and 
	{Gunn}, J.~E. and {Gurbani}, V.~K. and {de Haas}, E. and {Haldeman}, M. and 
	{Harris}, F.~H. and {Hayes}, J. and {Heckman}, T.~M. and {Hennessy}, G.~S. and 
	{Hindsley}, R.~B. and {Holm}, S. and {Holmgren}, D.~J. and {Huang}, C.-h. and 
	{Hull}, C. and {Husby}, D. and {Ichikawa}, S.-I. and {Ichikawa}, T. and 
	{Ivezi{\'c}}, {\v Z}. and {Kent}, S. and {Kim}, R.~S.~J. and 
	{Kinney}, E. and {Klaene}, M. and {Kleinman}, A.~N. and {Kleinman}, S. and 
	{Knapp}, G.~R. and {Korienek}, J. and {Kron}, R.~G. and {Kunszt}, P.~Z. and 
	{Lamb}, D.~Q. and {Lee}, B. and {Leger}, R.~F. and {Limmongkol}, S. and 
	{Lindenmeyer}, C. and {Long}, D.~C. and {Loomis}, C. and {Loveday}, J. and 
	{Lucinio}, R. and {Lupton}, R.~H. and {MacKinnon}, B. and {Mannery}, E.~J. and 
	{Mantsch}, P.~M. and {Margon}, B. and {McGehee}, P. and {McKay}, T.~A. and 
	{Meiksin}, A. and {Merelli}, A. and {Monet}, D.~G. and {Munn}, J.~A. and 
	{Narayanan}, V.~K. and {Nash}, T. and {Neilsen}, E. and {Neswold}, R. and 
	{Newberg}, H.~J. and {Nichol}, R.~C. and {Nicinski}, T. and 
	{Nonino}, M. and {Okada}, N. and {Okamura}, S. and {Ostriker}, J.~P. and 
	{Owen}, R. and {Pauls}, A.~G. and {Peoples}, J. and {Peterson}, R.~L. and 
	{Petravick}, D. and {Pier}, J.~R. and {Pope}, A. and {Pordes}, R. and 
	{Prosapio}, A. and {Rechenmacher}, R. and {Quinn}, T.~R. and 
	{Richards}, G.~T. and {Richmond}, M.~W. and {Rivetta}, C.~H. and 
	{Rockosi}, C.~M. and {Ruthmansdorfer}, K. and {Sandford}, D. and 
	{Schlegel}, D.~J. and {Schneider}, D.~P. and {Sekiguchi}, M. and 
	{Sergey}, G. and {Shimasaku}, K. and {Siegmund}, W.~A. and {Smee}, S. and 
	{Smith}, J.~A. and {Snedden}, S. and {Stone}, R. and {Stoughton}, C. and 
	{Strauss}, M.~A. and {Stubbs}, C. and {SubbaRao}, M. and {Szalay}, A.~S. and 
	{Szapudi}, I. and {Szokoly}, G.~P. and {Thakar}, A.~R. and {Tremonti}, C. and 
	{Tucker}, D.~L. and {Uomoto}, A. and {Vanden Berk}, D. and {Vogeley}, M.~S. and 
	{Waddell}, P. and {Wang}, S.-i. and {Watanabe}, M. and {Weinberg}, D.~H. and 
	{Yanny}, B. and {Yasuda}, N. and {SDSS Collaboration}},
    title = "{The Sloan Digital Sky Survey: Technical Summary}",
  journal = {\aj},
   eprint = {astro-ph/0006396},
 keywords = {Cosmology: Observations, Instrumentation: Miscellaneous},
     year = 2000,
    month = sep,
   volume = 120,
    pages = {1579-1587},
      doi = {10.1086/301513},
   adsurl = {http://adsabs.harvard.edu/abs/2000AJ....120.1579Y},
  adsnote = {Provided by the SAO/NASA Astrophysics Data System}
}


@ARTICLE{blanton05vagc,
	author = {{Blanton}, M.~R. and {Schlegel}, D.~J. and {Strauss}, M.~A. and 
	{Brinkmann}, J. and {Finkbeiner}, D. and {Fukugita}, M. and 
	{Gunn}, J.~E. and {Hogg}, D.~W. and {Ivezi{\'c}}, {\v Z}. and 
	{Knapp}, G.~R. and {Lupton}, R.~H. and {Munn}, J.~A. and {Schneider}, D.~P. and 
	{Tegmark}, M. and {Zehavi}, I.},
	title = "{New York University Value-Added Galaxy Catalog: A Galaxy Catalog Based on New Public Surveys}",
	journal = {\aj},
	eprint = {arXiv:astro-ph/0410166},
	keywords = {Galaxies: Distances and Redshifts, Galaxies: Photometry, Galaxies: Statistics},
	year = 2005,
	month = jun,
	volume = 129,
	pages = {2562-2578},
	doi = {10.1086/429803},
	adsurl = {http://adsabs.harvard.edu/abs/2005AJ....129.2562B},
	adsnote = {Provided by the SAO/NASA Astrophysics Data System}
}

@ARTICLE{brinchmann04,
	author = {{Brinchmann}, J. and {Charlot}, S. and {White}, S.~D.~M. and 
	{Tremonti}, C. and {Kauffmann}, G. and {Heckman}, T. and {Brinkmann}, J.
	},
	title = "{The physical properties of star-forming galaxies in the low-redshift Universe}",
	journal = {\mnras},
	eprint = {arXiv:astro-ph/0311060},
	keywords = {surveys, galaxies: abundances, galaxies: evolution, galaxies: fundamental parameters, galaxies: general},
	year = 2004,
	month = jul,
	volume = 351,
	pages = {1151-1179},
	doi = {10.1111/j.1365-2966.2004.07881.x},
	adsurl = {http://adsabs.harvard.edu/abs/2004MNRAS.351.1151B},
	adsnote = {Provided by the SAO/NASA Astrophysics Data System}
}

@ARTICLE{weinmann06, 
	author = {{Weinmann}, S.~M. and {van den Bosch}, F.~C. and {Yang}, X. and 
	{Mo}, H.~J.},
	title = "{Properties of galaxy groups in the Sloan Digital Sky Survey - I. The dependence of colour, star formation and morphology on halo mass}",
	journal = {\mnras},
	eprint = {arXiv:astro-ph/0509147},
	keywords = {methods: statistical, galaxies: clusters: general, galaxies: evolution, galaxies: general, galaxies: haloes, galaxies: statistics},
	year = 2006,
	month = feb,
	volume = 366,
	pages = {2-28},
	doi = {10.1111/j.1365-2966.2005.09865.x},
	adsurl = {http://adsabs.harvard.edu/abs/2006MNRAS.366....2W},
	adsnote = {Provided by the SAO/NASA Astrophysics Data System}
}

@ARTICLE{kauffmann13,
	author = {{Kauffmann}, G. and {Li}, C. and {Zhang}, W. and {Weinmann}, S.
	},
	title = "{A re-examination of galactic conformity and a comparison with semi-analytic models of galaxy formation}",
	journal = {\mnras},
	archivePrefix = "arXiv",
	eprint = {1209.3306},
	primaryClass = "astro-ph.CO",
	keywords = {galaxies: evolution, galaxies: haloes, galaxies: statistics},
	year = 2013,
	month = apr,
	volume = 430,
	pages = {1447-1456},
	doi = {10.1093/mnras/stt007},
	adsurl = {http://adsabs.harvard.edu/abs/2013MNRAS.430.1447K},
	adsnote = {Provided by the SAO/NASA Astrophysics Data System}
}

@inproceedings{snoek2012practical,
	title={Practical bayesian optimization of machine learning algorithms},
	author={Snoek, Jasper and Larochelle, Hugo and Adams, Ryan P},
	booktitle={Advances in neural information processing systems},
	pages={2951--2959},
	year={2012}
}

@inproceedings{sutskever2013importance,
	title={On the importance of initialization and momentum in deep learning},
	author={Sutskever, Ilya and Martens, James and Dahl, George and Hinton, Geoffrey},
	booktitle={Proceedings of the 30th international conference on machine learning (ICML-13)},
	pages={1139--1147},
	year={2013}
}

@inproceedings{nesterov1983method,
	title={A method of solving a convex programming problem with convergence rate $\bigo(1/k^2$)},
	author={Nesterov, Yurii},
	booktitle={Soviet Mathematics Doklady},
	volume={27},
	number={2},
	pages={372--376},
	year={1983}
}

@article{zeiler2012adadelta,
	title={ADADELTA: an adaptive learning rate method},
	author={Zeiler, Matthew D},
	journal={arXiv preprint arXiv:1212.5701},
	year={2012}
}

@article{srivastava2014dropout,
	title={Dropout: A simple way to prevent neural networks from overfitting},
	author={Srivastava, Nitish and Hinton, Geoffrey and Krizhevsky, Alex and Sutskever, Ilya and Salakhutdinov, Ruslan},
	journal={The Journal of Machine Learning Research},
	volume={15},
	number={1},
	pages={1929--1958},
	year={2014},
	publisher={JMLR. org}
}

@misc{chollet2015,
	author = {François Chollet },
	title = {keras},
	year = {2015},
	publisher = {GitHub},
	journal = {GitHub repository},
	howpublished = {\url{https://github.com/fchollet/keras}},
	commit = {7b4e1573}
}

@ARTICLE{2016arXiv160502688short,
	author = {{Theano Development Team}},
	title = "{Theano: A {Python} framework for fast computation of mathematical expressions}",
	journal = {arXiv e-prints},
	volume = {abs/1605.02688},
	primaryClass = "cs.SC",
	keywords = {Computer Science - Symbolic Computation, Computer Science - Learning, Computer Science - Mathematical Software},
	year = 2016,
	month = may,
	url = {http://arxiv.org/abs/1605.02688},
}


@ARTICLE{Ferrarese12,
	author = {{Ferrarese}, L. and {C{\^o}t{\'e}}, P. and {Cuillandre}, J.-C. and 
	{Gwyn}, S.~D.~J. and {Peng}, E.~W. and {MacArthur}, L.~A. and 
	{Duc}, P.-A. and {Boselli}, A. and {Mei}, S. and {Erben}, T. and 
	{McConnachie}, A.~W. and {Durrell}, P.~R. and {Mihos}, J.~C. and 
	{Jord{\'a}n}, A. and {Lan{\c c}on}, A. and {Puzia}, T.~H. and 
	{Emsellem}, E. and {Balogh}, M.~L. and {Blakeslee}, J.~P. and 
	{van Waerbeke}, L. and {Gavazzi}, R. and {Vollmer}, B. and {Kavelaars}, J.~J. and 
	{Woods}, D. and {Ball}, N.~M. and {Boissier}, S. and {Courteau}, S. and 
	{Ferriere}, E. and {Gavazzi}, G. and {Hildebrandt}, H. and {Hudelot}, P. and 
	{Huertas-Company}, M. and {Liu}, C. and {McLaughlin}, D. and 
	{Mellier}, Y. and {Milkeraitis}, M. and {Schade}, D. and {Balkowski}, C. and 
	{Bournaud}, F. and {Carlberg}, R.~G. and {Chapman}, S.~C. and 
	{Hoekstra}, H. and {Peng}, C. and {Sawicki}, M. and {Simard}, L. and 
	{Taylor}, J.~E. and {Tully}, R.~B. and {van Driel}, W. and {Wilson}, C.~D. and 
	{Burdullis}, T. and {Mahoney}, B. and {Manset}, N.},
	title = "{The Next Generation Virgo Cluster Survey (NGVS). I. Introduction to the Survey}",
	journal = {\apjs},
	keywords = {galaxies: clusters: individual: Virgo, galaxies: distances and redshifts, galaxies: general, galaxies: luminosity function, mass function, galaxies: photometry, galaxies: star clusters: general},
	year = 2012,
	month = may,
	volume = 200,
	eid = {4},
	pages = {4},
	doi = {10.1088/0067-0049/200/1/4},
	adsurl = {http://adsabs.harvard.edu/abs/2012ApJS..200....4F},
	adsnote = {Provided by the SAO/NASA Astrophysics Data System}
}

@article{breiman2001random,
  title={Random forests},
  author={Breiman, Leo},
  journal={Machine learning},
  volume={45},
  number={1},
  pages={5--32},
  year={2001},
  publisher={Springer}
}

@ARTICLE{Fillingham16,
   author = {{Fillingham}, S.~P. and {Cooper}, M.~C. and {Pace}, A.~B. and 
	{Boylan-Kolchin}, M. and {Bullock}, J.~S. and {Garrison-Kimmel}, S. and 
	{Wheeler}, C.},
    title = "{Under pressure: quenching star formation in low-mass satellite galaxies via stripping}",
  journal = {\mnras},
archivePrefix = "arXiv",
   eprint = {1606.07810},
 keywords = {galaxies: dwarf, galaxies: evolution, galaxies: formation, galaxies: general, Local Group, galaxies: star formation},
     year = 2016,
    month = dec,
   volume = 463,
    pages = {1916-1928},
      doi = {10.1093/mnras/stw2131},
   adsurl = {http://adsabs.harvard.edu/abs/2016MNRAS.463.1916F},
  adsnote = {Provided by the SAO/NASA Astrophysics Data System}
}
